<?xml version="1.0" encoding="utf-8"?>
<record xmlns="http://www.loc.gov/MARC21/slim" xmlns:xsi="http://www.w3.org/2001/XMLSchema-instance" xsi:schemaLocation="http://www.loc.gov/MARC21/slim http://www.loc.gov/standards/marcxml/schema/MARC21slim.xsd">
	<leader>     nam a22     Mi 4500</leader>
	<controlfield tag="001">b12768881</controlfield>
	<controlfield tag="003">LeBAU</controlfield>
	<controlfield tag="006">m        d        </controlfield>
	<controlfield tag="007">cr cn |||m|||a</controlfield>
	<controlfield tag="008">180604s1936    le      o     ||1 0 ara d</controlfield>
	<datafield ind1=" " ind2=" " tag="040">
		<subfield code="a">ZYU</subfield>
		<subfield code="b">ara</subfield>
		<subfield code="e">rda</subfield>
		<subfield code="c">ZYU</subfield>
	</datafield>
	<datafield ind1="0" ind2="4" tag="082">
		<subfield code="a">956.9</subfield>
		<subfield code="2">22</subfield>
	</datafield>
	<datafield ind1="1" ind2=" " tag="100">
		<subfield code="6">880-01</subfield>
		<subfield code="a">ʻAwrā, Ibrāhīm ibn Ḥannā,</subfield>
		<subfield code="d">1796-1863,</subfield>
		<subfield code="e">author.</subfield>
	</datafield>
	<datafield ind1="1" ind2="0" tag="245">
		<subfield code="6">880-02</subfield>
		<subfield code="a">Tārīkh wilāyat Sulaymān Bāshā al-ʻĀdil :</subfield>
		<subfield code="b">yashtamilu ʻalá tārīkh Filasṭīn wa-Lubnān wa-mudunihi wa-bilād al-ʻAlawīyīn wa-al-Shām /</subfield>
		<subfield code="c">ta’līf al-marḥūm al-mu‘allim Ibrāhīm al-‘Awrah ra’īs kuttāb dīwān al-Ayyālah ; nasharahu wa-‘allaqa ‘alayhi wa-alḥaqahu bi-‘iddat sanadāt al-khūrī Qusṭanṭīn al-Bāshā al-Mukhalliṣī.</subfield>
	</datafield>
	<datafield ind1=" " ind2="1" tag="264">
		<subfield code="6">880-03</subfield>
		<subfield code="a">Ṣaydā, Lubnān :</subfield>
		<subfield code="b">Maṭbaʻat Dayr al-Mukhalliṣ,</subfield>
		<subfield code="c">1936.</subfield>
	</datafield>
	<datafield ind1=" " ind2=" " tag="300">
		<subfield code="6">880-04</subfield>
		<subfield code="a">online resource (b-h, 520 pages)</subfield>
	</datafield>
	<datafield ind1=" " ind2=" " tag="336">
		<subfield code="a">text</subfield>
		<subfield code="2">rdacontent</subfield>
	</datafield>
	<datafield ind1=" " ind2=" " tag="337">
		<subfield code="a">computer</subfield>
		<subfield code="2">rdamedia</subfield>
	</datafield>
	<datafield ind1=" " ind2=" " tag="338">
		<subfield code="a">online resource</subfield>
		<subfield code="2">rdacarrier</subfield>
	</datafield>
	<datafield ind1=" " ind2=" " tag="500">
		<subfield code="a">يتضمن كشاف.</subfield>
	</datafield>
	<datafield ind1=" " ind2=" " tag="500">
		<subfield code="a">Part of the Arabic Collections Online (ACO) project, contributed by American University of Beirut's Jafet Memorial Library.</subfield>
	</datafield>
	<datafield ind1=" " ind2=" " tag="533">
		<subfield code="a">Electronic reproduction.</subfield>
		<subfield code="b">New York, N.Y. :</subfield>
		<subfield code="c">New York University,</subfield>
		<subfield code="d">2018.</subfield>
		<subfield code="5">NNU</subfield>
	</datafield>
	<datafield ind1=" " ind2=" " tag="541">
		<subfield code="c">هبة؛</subfield>
		<subfield code="a">د. سمير الصليبي؛</subfield>
		<subfield code="3">النسخة الثانية لمكتبة يافث.</subfield>
	</datafield>
	<datafield ind1="0" ind2="4" tag="600">
		<subfield code="a">سليمان باشا،</subfield>
		<subfield code="c">العادل،</subfield>
		<subfield code="d">اشتهر في العام 1804-1819.</subfield>
	</datafield>
	<datafield ind1="0" ind2="0" tag="600">
		<subfield code="a">Sulaymān Bāshā,</subfield>
		<subfield code="c">al-ʻĀdil,</subfield>
		<subfield code="d">active1804-1819.</subfield>
	</datafield>
	<datafield ind1=" " ind2="4" tag="651">
		<subfield code="a">سوريا</subfield>
		<subfield code="x">تاريخ</subfield>
		<subfield code="y">1516-1918.</subfield>
	</datafield>
	<datafield ind1=" " ind2="4" tag="651">
		<subfield code="a">لبنان</subfield>
		<subfield code="x">تاريخ</subfield>
		<subfield code="y">1516-1918.</subfield>
	</datafield>
	<datafield ind1=" " ind2="4" tag="651">
		<subfield code="a">فلسطين</subfield>
		<subfield code="x">تاريخ</subfield>
		<subfield code="y">1799-1917.</subfield>
	</datafield>
	<datafield ind1=" " ind2="0" tag="651">
		<subfield code="a">Syria</subfield>
		<subfield code="x">History</subfield>
		<subfield code="y">1516-1918.</subfield>
	</datafield>
	<datafield ind1=" " ind2="0" tag="651">
		<subfield code="a">Lebanon</subfield>
		<subfield code="x">History</subfield>
		<subfield code="y">1516-1918.</subfield>
	</datafield>
	<datafield ind1=" " ind2="0" tag="651">
		<subfield code="a">Palestine</subfield>
		<subfield code="x">History</subfield>
		<subfield code="y">1799-1917.</subfield>
	</datafield>
	<datafield ind1="1" ind2=" " tag="700">
		<subfield code="6">880-05</subfield>
		<subfield code="a">Bacha, Constantin,</subfield>
		<subfield code="e">compiler.</subfield>
	</datafield>
	<datafield ind1="2" ind2=" " tag="710">
		<subfield code="a">Jafet Memorial Library.</subfield>
	</datafield>
	<datafield ind1="0" ind2=" " tag="730">
		<subfield code="a">Arabic Collections Online.</subfield>
	</datafield>
	<datafield ind1="0" ind2="8" tag="776">
		<subfield code="i">Print version:</subfield>
		<subfield code="a">ʻAwrā, Ibrāhīm ibn Ḥannā, 1796-1863, author.</subfield>
		<subfield code="t">Tārīkh wilāyat Sulaymān Bāshā al-ʻĀdil</subfield>
		<subfield code="w">(LeBAU)b12768881</subfield>
	</datafield>
	<datafield ind1="4" ind2="0" tag="856">
		<subfield code="u">http://hdl.handle.net/2333.1/612jmdbp</subfield>
	</datafield>
	<datafield ind1="1" ind2=" " tag="880">
		<subfield code="6">100-01</subfield>
		<subfield code="a">العورة، إبراهيم بن حنا،</subfield>
		<subfield code="d">1796-1863‬،</subfield>
		<subfield code="e">مؤلف. </subfield>
		<subfield code="4">aut.</subfield>
	</datafield>
	<datafield ind1="1" ind2="0" tag="880">
		<subfield code="6">245-02</subfield>
		<subfield code="a">تاريخ ولاية سليمان باشا العادل :</subfield>
		<subfield code="b">يشتمل على تاريخ فلسطين ولبنان ومدنه وبلاد العلويين و الشام /</subfield>
		<subfield code="c">تأليف المرحوم المعلم إبراهيم العورة، رئيس كتاب ديوان الأيالة ؛ نشره وعلق عليه وألحقه بعدة سندات الخوري قسطنطين الباشا المخلصي.</subfield>
	</datafield>
	<datafield ind1=" " ind2="1" tag="880">
		<subfield code="6">264-03</subfield>
		<subfield code="a">صيدا، لبنان :</subfield>
		<subfield code="b">مطبعة دير المخلص،</subfield>
		<subfield code="c">1936.</subfield>
	</datafield>
	<datafield ind1=" " ind2=" " tag="880">
		<subfield code="6">300-04</subfield>
		<subfield code="a">ب-هـ، 520 صفحة ؛</subfield>
		<subfield code="c">24 سم</subfield>
	</datafield>
	<datafield ind1="1" ind2=" " tag="880">
		<subfield code="6">700-05</subfield>
		<subfield code="a">الباشا، قسطنطين،</subfield>
		<subfield code="e">معد. </subfield>
		<subfield code="4">com.</subfield>
	</datafield>
	<datafield ind1=" " ind2=" " tag="959">
		<subfield code="a">NNU</subfield>
		<subfield code="b">WEB</subfield>
		<subfield code="c">GENI</subfield>
		<subfield code="t">0</subfield>
		<subfield code="m">Electronic access</subfield>
		<subfield code="s">01</subfield>
	</datafield>
	<datafield ind1=" " ind2=" " tag="999">
		<subfield code="i">LeBAU_b12768881</subfield>
		<subfield code="s">aub_aco001939</subfield>
		<subfield code="e">(ERROR-MISC)</subfield>
	</datafield>
</record>
